<collection xmlns="http://www.loc.gov/MARC21/slim"><record><leader>00947nam  2200277   450</leader><controlfield tag="001">82</controlfield><controlfield tag="003">http://montalegre.opacnet.com/OPAC/default.aspx?ContentAreaControl=ShowRegHoldings.ascx&amp;RegNo=16662</controlfield><datafield tag="010" ind1=" " ind2=" "><subfield code="a">972-710-002-3</subfield></datafield><datafield tag="021" ind1=" " ind2=" "><subfield code="a">PT</subfield><subfield code="b">35307/90</subfield></datafield><datafield tag="095" ind1=" " ind2=" "><subfield code="a">PTBN00261147</subfield></datafield><datafield tag="100" ind1=" " ind2=" "><subfield code="a">20061013d1990    m  y0pory0103    ba</subfield></datafield><datafield tag="101" ind1="1" ind2=" "><subfield code="a">por</subfield><subfield code="c">eng</subfield></datafield><datafield tag="102" ind1=" " ind2=" "><subfield code="a">PT</subfield></datafield><datafield tag="105" ind1=" " ind2=" "><subfield code="a">y   z   000ay</subfield></datafield><datafield tag="106" ind1=" " ind2=" "><subfield code="a">r</subfield></datafield><datafield tag="200" ind1="1" ind2=" "><subfield code="a">&lt;A &gt;organização Bellarosa</subfield><subfield code="d">&lt;The &gt;Bellarosa connection</subfield><subfield code="f">Saul Bellow</subfield><subfield code="g">trad. Lucília Filipe</subfield><subfield code="z">eng</subfield></datafield><datafield tag="210" ind1=" " ind2=" "><subfield code="a">Mem Martins</subfield><subfield code="c">Terramar</subfield><subfield code="d">D.L. 1990</subfield></datafield><datafield tag="215" ind1=" " ind2=" "><subfield code="a">126 p.</subfield><subfield code="d">21 cm</subfield></datafield><datafield tag="225" ind1="2" ind2=" "><subfield code="a">Terramar</subfield><subfield code="v">1</subfield></datafield><datafield tag="325" ind1=" " ind2=" "><subfield code="a">Texto em braille. - Lisboa : BN, 2004. - 3 vol., integral ; 32 cm</subfield></datafield><datafield tag="510" ind1="1" ind2=" "><subfield code="a">&lt;The &gt;Bellarosa connection</subfield><subfield code="z">eng</subfield></datafield><datafield tag="675" ind1=" " ind2=" "><subfield code="a">821</subfield><subfield code="v">BN</subfield><subfield code="z">por</subfield><subfield code="3">396520</subfield></datafield><datafield tag="700" ind1=" " ind2="1"><subfield code="a">Bellow</subfield><subfield code="b">Saul</subfield><subfield code="f">1915</subfield><subfield code="3">12447</subfield></datafield><datafield tag="702" ind1=" " ind2="1"><subfield code="a">Filipe</subfield><subfield code="b">Lucília</subfield><subfield code="4">730</subfield><subfield code="3">33084</subfield></datafield><datafield tag="801" ind1=" " ind2="0"><subfield code="a">PT</subfield><subfield code="b">Biblioteca Municipal de Montalegre</subfield><subfield code="g">RPC</subfield></datafield><datafield tag="856" ind1=" " ind2=" "><subfield code="u">locateMedia.asp?cod=20060508145912&amp;ext=jpg</subfield><subfield code="z">CAPA</subfield></datafield><datafield tag="909" ind1="&#9;" ind2=" "><subfield code="a">1</subfield></datafield><datafield tag="966" ind1=" " ind2=" "><subfield code="a">0008718</subfield><subfield code="l">BMM</subfield><subfield code="s">SCG 821 BEL org 1</subfield></datafield></record></collection>